%YAML 1.1
%TAG !u! tag:unity3d.com,2011:
--- !u!1 &2218949970283220491
GameObject:
  m_ObjectHideFlags: 0
  m_CorrespondingSourceObject: {fileID: 0}
  m_PrefabInstance: {fileID: 0}
  m_PrefabAsset: {fileID: 0}
  serializedVersion: 6
  m_Component:
  - component: {fileID: 4383473842018328939}
  - component: {fileID: 7158457459178433349}
  - component: {fileID: -5185493287652441355}
  - component: {fileID: -8434643890190865650}
  - component: {fileID: 2355676953700998836}
  m_Layer: 0
  m_Name: EnemySwordCollision
  m_TagString: Untagged
  m_Icon: {fileID: 0}
  m_NavMeshLayer: 0
  m_StaticEditorFlags: 0
  m_IsActive: 1
--- !u!4 &4383473842018328939
Transform:
  m_ObjectHideFlags: 0
  m_CorrespondingSourceObject: {fileID: 0}
  m_PrefabInstance: {fileID: 0}
  m_PrefabAsset: {fileID: 0}
  m_GameObject: {fileID: 2218949970283220491}
  m_LocalRotation: {x: 0, y: 0, z: 0, w: 1}
  m_LocalPosition: {x: 0, y: 0, z: 0}
  m_LocalScale: {x: 1, y: 1, z: 1}
  m_ConstrainProportionsScale: 0
  m_Children: []
  m_Father: {fileID: 0}
  m_RootOrder: 0
  m_LocalEulerAnglesHint: {x: 0, y: 0, z: 0}
--- !u!114 &7158457459178433349
MonoBehaviour:
  m_ObjectHideFlags: 0
  m_CorrespondingSourceObject: {fileID: 0}
  m_PrefabInstance: {fileID: 0}
  m_PrefabAsset: {fileID: 0}
  m_GameObject: {fileID: 2218949970283220491}
  m_Enabled: 1
  m_EditorHideFlags: 0
  m_Script: {fileID: 11500000, guid: 294734372f503874bb739c6dbc8f0319, type: 3}
  m_Name: 
  m_EditorClassIdentifier: 
--- !u!114 &-5185493287652441355
MonoBehaviour:
  m_ObjectHideFlags: 0
  m_CorrespondingSourceObject: {fileID: 0}
  m_PrefabInstance: {fileID: 0}
  m_PrefabAsset: {fileID: 0}
  m_GameObject: {fileID: 2218949970283220491}
  m_Enabled: 1
  m_EditorHideFlags: 0
  m_Script: {fileID: 11500000, guid: 76856adf24c9b51448a42ce6cf0a943b, type: 3}
  m_Name: 
  m_EditorClassIdentifier: 
  prefab: {fileID: 5091578689936157692, guid: af163214cdd75464888612166c88cdea, type: 3}
--- !u!114 &-8434643890190865650
MonoBehaviour:
  m_ObjectHideFlags: 0
  m_CorrespondingSourceObject: {fileID: 0}
  m_PrefabInstance: {fileID: 0}
  m_PrefabAsset: {fileID: 0}
  m_GameObject: {fileID: 2218949970283220491}
  m_Enabled: 1
  m_EditorHideFlags: 0
  m_Script: {fileID: 11500000, guid: 3678aa13674a4e640a3138f0c6c0eaba, type: 3}
  m_Name: 
  m_EditorClassIdentifier: 
--- !u!114 &2355676953700998836
MonoBehaviour:
  m_ObjectHideFlags: 0
  m_CorrespondingSourceObject: {fileID: 0}
  m_PrefabInstance: {fileID: 0}
  m_PrefabAsset: {fileID: 0}
  m_GameObject: {fileID: 2218949970283220491}
  m_Enabled: 1
  m_EditorHideFlags: 0
  m_Script: {fileID: 11500000, guid: 5ad8d3718663e86438bd3edd73afabd2, type: 3}
  m_Name: 
  m_EditorClassIdentifier: 
