%YAML 1.1
%TAG !u! tag:unity3d.com,2011:
--- !u!1 &3895181480006488384
GameObject:
  m_ObjectHideFlags: 0
  m_CorrespondingSourceObject: {fileID: 0}
  m_PrefabInstance: {fileID: 0}
  m_PrefabAsset: {fileID: 0}
  serializedVersion: 6
  m_Component:
  - component: {fileID: 4472970848116500855}
  - component: {fileID: 6437311995333548764}
  - component: {fileID: 7023816844071707581}
  - component: {fileID: 4613476599858061088}
  m_Layer: 0
  m_Name: Floor
  m_TagString: Untagged
  m_Icon: {fileID: 0}
  m_NavMeshLayer: 0
  m_StaticEditorFlags: 0
  m_IsActive: 1
--- !u!4 &4472970848116500855
Transform:
  m_ObjectHideFlags: 0
  m_CorrespondingSourceObject: {fileID: 0}
  m_PrefabInstance: {fileID: 0}
  m_PrefabAsset: {fileID: 0}
  m_GameObject: {fileID: 3895181480006488384}
  m_LocalRotation: {x: 0, y: 0, z: 0, w: 1}
  m_LocalPosition: {x: 0, y: 0, z: 10}
  m_LocalScale: {x: 2.8, y: 1, z: 2.2}
  m_ConstrainProportionsScale: 0
  m_Children: []
  m_Father: {fileID: 7462833644942460673}
  m_RootOrder: 4
  m_LocalEulerAnglesHint: {x: 0, y: 0, z: 0}
--- !u!33 &6437311995333548764
MeshFilter:
  m_ObjectHideFlags: 0
  m_CorrespondingSourceObject: {fileID: 0}
  m_PrefabInstance: {fileID: 0}
  m_PrefabAsset: {fileID: 0}
  m_GameObject: {fileID: 3895181480006488384}
  m_Mesh: {fileID: 10209, guid: 0000000000000000e000000000000000, type: 0}
--- !u!23 &7023816844071707581
MeshRenderer:
  m_ObjectHideFlags: 0
  m_CorrespondingSourceObject: {fileID: 0}
  m_PrefabInstance: {fileID: 0}
  m_PrefabAsset: {fileID: 0}
  m_GameObject: {fileID: 3895181480006488384}
  m_Enabled: 1
  m_CastShadows: 1
  m_ReceiveShadows: 1
  m_DynamicOccludee: 1
  m_StaticShadowCaster: 0
  m_MotionVectors: 1
  m_LightProbeUsage: 1
  m_ReflectionProbeUsage: 1
  m_RayTracingMode: 2
  m_RayTraceProcedural: 0
  m_RenderingLayerMask: 1
  m_RendererPriority: 0
  m_Materials:
  - {fileID: 2100000, guid: 7edcba3f34161b14593af19e5482439f, type: 2}
  m_StaticBatchInfo:
    firstSubMesh: 0
    subMeshCount: 0
  m_StaticBatchRoot: {fileID: 0}
  m_ProbeAnchor: {fileID: 0}
  m_LightProbeVolumeOverride: {fileID: 0}
  m_ScaleInLightmap: 1
  m_ReceiveGI: 1
  m_PreserveUVs: 0
  m_IgnoreNormalsForChartDetection: 0
  m_ImportantGI: 0
  m_StitchLightmapSeams: 1
  m_SelectedEditorRenderState: 3
  m_MinimumChartSize: 4
  m_AutoUVMaxDistance: 0.5
  m_AutoUVMaxAngle: 89
  m_LightmapParameters: {fileID: 0}
  m_SortingLayerID: 0
  m_SortingLayer: 0
  m_SortingOrder: 0
  m_AdditionalVertexStreams: {fileID: 0}
--- !u!64 &4613476599858061088
MeshCollider:
  m_ObjectHideFlags: 0
  m_CorrespondingSourceObject: {fileID: 0}
  m_PrefabInstance: {fileID: 0}
  m_PrefabAsset: {fileID: 0}
  m_GameObject: {fileID: 3895181480006488384}
  m_Material: {fileID: 0}
  m_IsTrigger: 0
  m_Enabled: 1
  serializedVersion: 4
  m_Convex: 0
  m_CookingOptions: 30
  m_Mesh: {fileID: 10209, guid: 0000000000000000e000000000000000, type: 0}
--- !u!1 &6407336651002705278
GameObject:
  m_ObjectHideFlags: 0
  m_CorrespondingSourceObject: {fileID: 0}
  m_PrefabInstance: {fileID: 0}
  m_PrefabAsset: {fileID: 0}
  serializedVersion: 6
  m_Component:
  - component: {fileID: 2949403971269997748}
  - component: {fileID: 374260921806475534}
  - component: {fileID: 772935091743623337}
  - component: {fileID: 7010762101600389754}
  - component: {fileID: 1362947465289269488}
  m_Layer: 0
  m_Name: CameraWP
  m_TagString: Untagged
  m_Icon: {fileID: 0}
  m_NavMeshLayer: 0
  m_StaticEditorFlags: 0
  m_IsActive: 1
--- !u!4 &2949403971269997748
Transform:
  m_ObjectHideFlags: 0
  m_CorrespondingSourceObject: {fileID: 0}
  m_PrefabInstance: {fileID: 0}
  m_PrefabAsset: {fileID: 0}
  m_GameObject: {fileID: 6407336651002705278}
  m_LocalRotation: {x: -0, y: -0, z: -0, w: 1}
  m_LocalPosition: {x: 0, y: 18, z: 10}
  m_LocalScale: {x: 1, y: 1, z: 1}
  m_ConstrainProportionsScale: 0
  m_Children: []
  m_Father: {fileID: 7462833644942460673}
  m_RootOrder: 6
  m_LocalEulerAnglesHint: {x: 0, y: 0, z: 0}
--- !u!33 &374260921806475534
MeshFilter:
  m_ObjectHideFlags: 0
  m_CorrespondingSourceObject: {fileID: 0}
  m_PrefabInstance: {fileID: 0}
  m_PrefabAsset: {fileID: 0}
  m_GameObject: {fileID: 6407336651002705278}
  m_Mesh: {fileID: 10207, guid: 0000000000000000e000000000000000, type: 0}
--- !u!23 &772935091743623337
MeshRenderer:
  m_ObjectHideFlags: 0
  m_CorrespondingSourceObject: {fileID: 0}
  m_PrefabInstance: {fileID: 0}
  m_PrefabAsset: {fileID: 0}
  m_GameObject: {fileID: 6407336651002705278}
  m_Enabled: 1
  m_CastShadows: 1
  m_ReceiveShadows: 1
  m_DynamicOccludee: 1
  m_StaticShadowCaster: 0
  m_MotionVectors: 1
  m_LightProbeUsage: 1
  m_ReflectionProbeUsage: 1
  m_RayTracingMode: 2
  m_RayTraceProcedural: 0
  m_RenderingLayerMask: 1
  m_RendererPriority: 0
  m_Materials:
  - {fileID: 10303, guid: 0000000000000000f000000000000000, type: 0}
  m_StaticBatchInfo:
    firstSubMesh: 0
    subMeshCount: 0
  m_StaticBatchRoot: {fileID: 0}
  m_ProbeAnchor: {fileID: 0}
  m_LightProbeVolumeOverride: {fileID: 0}
  m_ScaleInLightmap: 1
  m_ReceiveGI: 1
  m_PreserveUVs: 0
  m_IgnoreNormalsForChartDetection: 0
  m_ImportantGI: 0
  m_StitchLightmapSeams: 1
  m_SelectedEditorRenderState: 3
  m_MinimumChartSize: 4
  m_AutoUVMaxDistance: 0.5
  m_AutoUVMaxAngle: 89
  m_LightmapParameters: {fileID: 0}
  m_SortingLayerID: 0
  m_SortingLayer: 0
  m_SortingOrder: 0
  m_AdditionalVertexStreams: {fileID: 0}
--- !u!135 &7010762101600389754
SphereCollider:
  m_ObjectHideFlags: 0
  m_CorrespondingSourceObject: {fileID: 0}
  m_PrefabInstance: {fileID: 0}
  m_PrefabAsset: {fileID: 0}
  m_GameObject: {fileID: 6407336651002705278}
  m_Material: {fileID: 0}
  m_IsTrigger: 0
  m_Enabled: 1
  serializedVersion: 2
  m_Radius: 0.5
  m_Center: {x: 0, y: 0, z: 0}
--- !u!114 &1362947465289269488
MonoBehaviour:
  m_ObjectHideFlags: 0
  m_CorrespondingSourceObject: {fileID: 0}
  m_PrefabInstance: {fileID: 0}
  m_PrefabAsset: {fileID: 0}
  m_GameObject: {fileID: 6407336651002705278}
  m_Enabled: 1
  m_EditorHideFlags: 0
  m_Script: {fileID: 11500000, guid: ba4ff8987382f5241ad45b0944fd7862, type: 3}
  m_Name: 
  m_EditorClassIdentifier: 
--- !u!1 &7582681201285737683
GameObject:
  m_ObjectHideFlags: 0
  m_CorrespondingSourceObject: {fileID: 0}
  m_PrefabInstance: {fileID: 0}
  m_PrefabAsset: {fileID: 0}
  serializedVersion: 6
  m_Component:
  - component: {fileID: 7462833644942460673}
  m_Layer: 0
  m_Name: DungeonRoom
  m_TagString: Untagged
  m_Icon: {fileID: 0}
  m_NavMeshLayer: 0
  m_StaticEditorFlags: 0
  m_IsActive: 1
--- !u!4 &7462833644942460673
Transform:
  m_ObjectHideFlags: 0
  m_CorrespondingSourceObject: {fileID: 0}
  m_PrefabInstance: {fileID: 0}
  m_PrefabAsset: {fileID: 0}
  m_GameObject: {fileID: 7582681201285737683}
  m_LocalRotation: {x: 0, y: 0, z: 0, w: 1}
  m_LocalPosition: {x: 0, y: 0, z: 0}
  m_LocalScale: {x: 1, y: 1, z: 1}
  m_ConstrainProportionsScale: 0
  m_Children:
  - {fileID: 6108859007986150105}
  - {fileID: 3420795193313966099}
  - {fileID: 7985878411684521265}
  - {fileID: 444193850995160545}
  - {fileID: 4472970848116500855}
  - {fileID: 2616342006388183693}
  - {fileID: 2949403971269997748}
  m_Father: {fileID: 0}
  m_RootOrder: 0
  m_LocalEulerAnglesHint: {x: 0, y: 0, z: 0}
--- !u!1001 &1947860616877312464
PrefabInstance:
  m_ObjectHideFlags: 0
  serializedVersion: 2
  m_Modification:
    m_TransformParent: {fileID: 7462833644942460673}
    m_Modifications:
    - target: {fileID: 3778849887268221379, guid: 53797634418714a43a998353522aeae9, type: 3}
      propertyPath: m_RootOrder
      value: 1
      objectReference: {fileID: 0}
    - target: {fileID: 3778849887268221379, guid: 53797634418714a43a998353522aeae9, type: 3}
      propertyPath: m_LocalScale.x
      value: 24
      objectReference: {fileID: 0}
    - target: {fileID: 3778849887268221379, guid: 53797634418714a43a998353522aeae9, type: 3}
      propertyPath: m_LocalScale.y
      value: 5
      objectReference: {fileID: 0}
    - target: {fileID: 3778849887268221379, guid: 53797634418714a43a998353522aeae9, type: 3}
      propertyPath: m_LocalScale.z
      value: 2
      objectReference: {fileID: 0}
    - target: {fileID: 3778849887268221379, guid: 53797634418714a43a998353522aeae9, type: 3}
      propertyPath: m_LocalPosition.x
      value: 0
      objectReference: {fileID: 0}
    - target: {fileID: 3778849887268221379, guid: 53797634418714a43a998353522aeae9, type: 3}
      propertyPath: m_LocalPosition.y
      value: 2.5
      objectReference: {fileID: 0}
    - target: {fileID: 3778849887268221379, guid: 53797634418714a43a998353522aeae9, type: 3}
      propertyPath: m_LocalPosition.z
      value: 0
      objectReference: {fileID: 0}
    - target: {fileID: 3778849887268221379, guid: 53797634418714a43a998353522aeae9, type: 3}
      propertyPath: m_LocalRotation.w
      value: 1
      objectReference: {fileID: 0}
    - target: {fileID: 3778849887268221379, guid: 53797634418714a43a998353522aeae9, type: 3}
      propertyPath: m_LocalRotation.x
      value: -0
      objectReference: {fileID: 0}
    - target: {fileID: 3778849887268221379, guid: 53797634418714a43a998353522aeae9, type: 3}
      propertyPath: m_LocalRotation.y
      value: -0
      objectReference: {fileID: 0}
    - target: {fileID: 3778849887268221379, guid: 53797634418714a43a998353522aeae9, type: 3}
      propertyPath: m_LocalRotation.z
      value: -0
      objectReference: {fileID: 0}
    - target: {fileID: 3778849887268221379, guid: 53797634418714a43a998353522aeae9, type: 3}
      propertyPath: m_LocalEulerAnglesHint.x
      value: 0
      objectReference: {fileID: 0}
    - target: {fileID: 3778849887268221379, guid: 53797634418714a43a998353522aeae9, type: 3}
      propertyPath: m_LocalEulerAnglesHint.y
      value: 0
      objectReference: {fileID: 0}
    - target: {fileID: 3778849887268221379, guid: 53797634418714a43a998353522aeae9, type: 3}
      propertyPath: m_LocalEulerAnglesHint.z
      value: 0
      objectReference: {fileID: 0}
    - target: {fileID: 5157752150385140111, guid: 53797634418714a43a998353522aeae9, type: 3}
      propertyPath: m_Name
      value: Wall
      objectReference: {fileID: 0}
    m_RemovedComponents: []
  m_SourcePrefab: {fileID: 100100000, guid: 53797634418714a43a998353522aeae9, type: 3}
--- !u!4 &3420795193313966099 stripped
Transform:
  m_CorrespondingSourceObject: {fileID: 3778849887268221379, guid: 53797634418714a43a998353522aeae9, type: 3}
  m_PrefabInstance: {fileID: 1947860616877312464}
  m_PrefabAsset: {fileID: 0}
--- !u!1001 &2019415019873466500
PrefabInstance:
  m_ObjectHideFlags: 0
  serializedVersion: 2
  m_Modification:
    m_TransformParent: {fileID: 7462833644942460673}
    m_Modifications:
    - target: {fileID: 3579370308942170807, guid: db064811eac3cf043b501f2c91705438, type: 3}
      propertyPath: m_Name
      value: DungeonDoorEntrance
      objectReference: {fileID: 0}
    - target: {fileID: 4055907576919239177, guid: db064811eac3cf043b501f2c91705438, type: 3}
      propertyPath: m_RootOrder
      value: 5
      objectReference: {fileID: 0}
    - target: {fileID: 4055907576919239177, guid: db064811eac3cf043b501f2c91705438, type: 3}
      propertyPath: m_LocalPosition.x
      value: 0
      objectReference: {fileID: 0}
    - target: {fileID: 4055907576919239177, guid: db064811eac3cf043b501f2c91705438, type: 3}
      propertyPath: m_LocalPosition.y
      value: 0
      objectReference: {fileID: 0}
    - target: {fileID: 4055907576919239177, guid: db064811eac3cf043b501f2c91705438, type: 3}
      propertyPath: m_LocalPosition.z
      value: 1.25
      objectReference: {fileID: 0}
    - target: {fileID: 4055907576919239177, guid: db064811eac3cf043b501f2c91705438, type: 3}
      propertyPath: m_LocalRotation.w
      value: 1
      objectReference: {fileID: 0}
    - target: {fileID: 4055907576919239177, guid: db064811eac3cf043b501f2c91705438, type: 3}
      propertyPath: m_LocalRotation.x
      value: 0
      objectReference: {fileID: 0}
    - target: {fileID: 4055907576919239177, guid: db064811eac3cf043b501f2c91705438, type: 3}
      propertyPath: m_LocalRotation.y
      value: 0
      objectReference: {fileID: 0}
    - target: {fileID: 4055907576919239177, guid: db064811eac3cf043b501f2c91705438, type: 3}
      propertyPath: m_LocalRotation.z
      value: 0
      objectReference: {fileID: 0}
    - target: {fileID: 4055907576919239177, guid: db064811eac3cf043b501f2c91705438, type: 3}
      propertyPath: m_LocalEulerAnglesHint.x
      value: 0
      objectReference: {fileID: 0}
    - target: {fileID: 4055907576919239177, guid: db064811eac3cf043b501f2c91705438, type: 3}
      propertyPath: m_LocalEulerAnglesHint.y
      value: 0
      objectReference: {fileID: 0}
    - target: {fileID: 4055907576919239177, guid: db064811eac3cf043b501f2c91705438, type: 3}
      propertyPath: m_LocalEulerAnglesHint.z
      value: 0
      objectReference: {fileID: 0}
    - target: {fileID: 5460079875190739672, guid: db064811eac3cf043b501f2c91705438, type: 3}
      propertyPath: cameraGO
      value: 
      objectReference: {fileID: 0}
    - target: {fileID: 5460079875190739672, guid: db064811eac3cf043b501f2c91705438, type: 3}
      propertyPath: cameraLogic
      value: 
      objectReference: {fileID: 0}
    - target: {fileID: 5460079875190739672, guid: db064811eac3cf043b501f2c91705438, type: 3}
      propertyPath: cameraWayPoint
      value: 
      objectReference: {fileID: 6407336651002705278}
    m_RemovedComponents: []
  m_SourcePrefab: {fileID: 100100000, guid: db064811eac3cf043b501f2c91705438, type: 3}
--- !u!4 &2616342006388183693 stripped
Transform:
  m_CorrespondingSourceObject: {fileID: 4055907576919239177, guid: db064811eac3cf043b501f2c91705438, type: 3}
  m_PrefabInstance: {fileID: 2019415019873466500}
  m_PrefabAsset: {fileID: 0}
--- !u!1001 &3628559928725013538
PrefabInstance:
  m_ObjectHideFlags: 0
  serializedVersion: 2
  m_Modification:
    m_TransformParent: {fileID: 7462833644942460673}
    m_Modifications:
    - target: {fileID: 3778849887268221379, guid: 53797634418714a43a998353522aeae9, type: 3}
      propertyPath: m_RootOrder
      value: 3
      objectReference: {fileID: 0}
    - target: {fileID: 3778849887268221379, guid: 53797634418714a43a998353522aeae9, type: 3}
      propertyPath: m_LocalScale.x
      value: 2
      objectReference: {fileID: 0}
    - target: {fileID: 3778849887268221379, guid: 53797634418714a43a998353522aeae9, type: 3}
      propertyPath: m_LocalScale.y
      value: 5
      objectReference: {fileID: 0}
    - target: {fileID: 3778849887268221379, guid: 53797634418714a43a998353522aeae9, type: 3}
      propertyPath: m_LocalScale.z
      value: 22
      objectReference: {fileID: 0}
    - target: {fileID: 3778849887268221379, guid: 53797634418714a43a998353522aeae9, type: 3}
      propertyPath: m_LocalPosition.x
      value: 13
      objectReference: {fileID: 0}
    - target: {fileID: 3778849887268221379, guid: 53797634418714a43a998353522aeae9, type: 3}
      propertyPath: m_LocalPosition.y
      value: 2.5
      objectReference: {fileID: 0}
    - target: {fileID: 3778849887268221379, guid: 53797634418714a43a998353522aeae9, type: 3}
      propertyPath: m_LocalPosition.z
      value: 10
      objectReference: {fileID: 0}
    - target: {fileID: 3778849887268221379, guid: 53797634418714a43a998353522aeae9, type: 3}
      propertyPath: m_LocalRotation.w
      value: 1
      objectReference: {fileID: 0}
    - target: {fileID: 3778849887268221379, guid: 53797634418714a43a998353522aeae9, type: 3}
      propertyPath: m_LocalRotation.x
      value: -0
      objectReference: {fileID: 0}
    - target: {fileID: 3778849887268221379, guid: 53797634418714a43a998353522aeae9, type: 3}
      propertyPath: m_LocalRotation.y
      value: -0
      objectReference: {fileID: 0}
    - target: {fileID: 3778849887268221379, guid: 53797634418714a43a998353522aeae9, type: 3}
      propertyPath: m_LocalRotation.z
      value: -0
      objectReference: {fileID: 0}
    - target: {fileID: 3778849887268221379, guid: 53797634418714a43a998353522aeae9, type: 3}
      propertyPath: m_LocalEulerAnglesHint.x
      value: 0
      objectReference: {fileID: 0}
    - target: {fileID: 3778849887268221379, guid: 53797634418714a43a998353522aeae9, type: 3}
      propertyPath: m_LocalEulerAnglesHint.y
      value: 0
      objectReference: {fileID: 0}
    - target: {fileID: 3778849887268221379, guid: 53797634418714a43a998353522aeae9, type: 3}
      propertyPath: m_LocalEulerAnglesHint.z
      value: 0
      objectReference: {fileID: 0}
    - target: {fileID: 5157752150385140111, guid: 53797634418714a43a998353522aeae9, type: 3}
      propertyPath: m_Name
      value: Wall
      objectReference: {fileID: 0}
    m_RemovedComponents: []
  m_SourcePrefab: {fileID: 100100000, guid: 53797634418714a43a998353522aeae9, type: 3}
--- !u!4 &444193850995160545 stripped
Transform:
  m_CorrespondingSourceObject: {fileID: 3778849887268221379, guid: 53797634418714a43a998353522aeae9, type: 3}
  m_PrefabInstance: {fileID: 3628559928725013538}
  m_PrefabAsset: {fileID: 0}
--- !u!1001 &6530960432777073906
PrefabInstance:
  m_ObjectHideFlags: 0
  serializedVersion: 2
  m_Modification:
    m_TransformParent: {fileID: 7462833644942460673}
    m_Modifications:
    - target: {fileID: 3778849887268221379, guid: 53797634418714a43a998353522aeae9, type: 3}
      propertyPath: m_RootOrder
      value: 2
      objectReference: {fileID: 0}
    - target: {fileID: 3778849887268221379, guid: 53797634418714a43a998353522aeae9, type: 3}
      propertyPath: m_LocalScale.x
      value: 2
      objectReference: {fileID: 0}
    - target: {fileID: 3778849887268221379, guid: 53797634418714a43a998353522aeae9, type: 3}
      propertyPath: m_LocalScale.y
      value: 5
      objectReference: {fileID: 0}
    - target: {fileID: 3778849887268221379, guid: 53797634418714a43a998353522aeae9, type: 3}
      propertyPath: m_LocalScale.z
      value: 22
      objectReference: {fileID: 0}
    - target: {fileID: 3778849887268221379, guid: 53797634418714a43a998353522aeae9, type: 3}
      propertyPath: m_LocalPosition.x
      value: -13
      objectReference: {fileID: 0}
    - target: {fileID: 3778849887268221379, guid: 53797634418714a43a998353522aeae9, type: 3}
      propertyPath: m_LocalPosition.y
      value: 2.5
      objectReference: {fileID: 0}
    - target: {fileID: 3778849887268221379, guid: 53797634418714a43a998353522aeae9, type: 3}
      propertyPath: m_LocalPosition.z
      value: 10
      objectReference: {fileID: 0}
    - target: {fileID: 3778849887268221379, guid: 53797634418714a43a998353522aeae9, type: 3}
      propertyPath: m_LocalRotation.w
      value: 1
      objectReference: {fileID: 0}
    - target: {fileID: 3778849887268221379, guid: 53797634418714a43a998353522aeae9, type: 3}
      propertyPath: m_LocalRotation.x
      value: -0
      objectReference: {fileID: 0}
    - target: {fileID: 3778849887268221379, guid: 53797634418714a43a998353522aeae9, type: 3}
      propertyPath: m_LocalRotation.y
      value: -0
      objectReference: {fileID: 0}
    - target: {fileID: 3778849887268221379, guid: 53797634418714a43a998353522aeae9, type: 3}
      propertyPath: m_LocalRotation.z
      value: -0
      objectReference: {fileID: 0}
    - target: {fileID: 3778849887268221379, guid: 53797634418714a43a998353522aeae9, type: 3}
      propertyPath: m_LocalEulerAnglesHint.x
      value: 0
      objectReference: {fileID: 0}
    - target: {fileID: 3778849887268221379, guid: 53797634418714a43a998353522aeae9, type: 3}
      propertyPath: m_LocalEulerAnglesHint.y
      value: 0
      objectReference: {fileID: 0}
    - target: {fileID: 3778849887268221379, guid: 53797634418714a43a998353522aeae9, type: 3}
      propertyPath: m_LocalEulerAnglesHint.z
      value: 0
      objectReference: {fileID: 0}
    - target: {fileID: 5157752150385140111, guid: 53797634418714a43a998353522aeae9, type: 3}
      propertyPath: m_Name
      value: Wall
      objectReference: {fileID: 0}
    m_RemovedComponents: []
  m_SourcePrefab: {fileID: 100100000, guid: 53797634418714a43a998353522aeae9, type: 3}
--- !u!4 &7985878411684521265 stripped
Transform:
  m_CorrespondingSourceObject: {fileID: 3778849887268221379, guid: 53797634418714a43a998353522aeae9, type: 3}
  m_PrefabInstance: {fileID: 6530960432777073906}
  m_PrefabAsset: {fileID: 0}
--- !u!1001 &6968807043093240602
PrefabInstance:
  m_ObjectHideFlags: 0
  serializedVersion: 2
  m_Modification:
    m_TransformParent: {fileID: 7462833644942460673}
    m_Modifications:
    - target: {fileID: 3778849887268221379, guid: 53797634418714a43a998353522aeae9, type: 3}
      propertyPath: m_RootOrder
      value: 0
      objectReference: {fileID: 0}
    - target: {fileID: 3778849887268221379, guid: 53797634418714a43a998353522aeae9, type: 3}
      propertyPath: m_LocalScale.x
      value: 24
      objectReference: {fileID: 0}
    - target: {fileID: 3778849887268221379, guid: 53797634418714a43a998353522aeae9, type: 3}
      propertyPath: m_LocalScale.y
      value: 5
      objectReference: {fileID: 0}
    - target: {fileID: 3778849887268221379, guid: 53797634418714a43a998353522aeae9, type: 3}
      propertyPath: m_LocalScale.z
      value: 2
      objectReference: {fileID: 0}
    - target: {fileID: 3778849887268221379, guid: 53797634418714a43a998353522aeae9, type: 3}
      propertyPath: m_LocalPosition.x
      value: 0
      objectReference: {fileID: 0}
    - target: {fileID: 3778849887268221379, guid: 53797634418714a43a998353522aeae9, type: 3}
      propertyPath: m_LocalPosition.y
      value: 2.5
      objectReference: {fileID: 0}
    - target: {fileID: 3778849887268221379, guid: 53797634418714a43a998353522aeae9, type: 3}
      propertyPath: m_LocalPosition.z
      value: 20
      objectReference: {fileID: 0}
    - target: {fileID: 3778849887268221379, guid: 53797634418714a43a998353522aeae9, type: 3}
      propertyPath: m_LocalRotation.w
      value: 1
      objectReference: {fileID: 0}
    - target: {fileID: 3778849887268221379, guid: 53797634418714a43a998353522aeae9, type: 3}
      propertyPath: m_LocalRotation.x
      value: -0
      objectReference: {fileID: 0}
    - target: {fileID: 3778849887268221379, guid: 53797634418714a43a998353522aeae9, type: 3}
      propertyPath: m_LocalRotation.y
      value: -0
      objectReference: {fileID: 0}
    - target: {fileID: 3778849887268221379, guid: 53797634418714a43a998353522aeae9, type: 3}
      propertyPath: m_LocalRotation.z
      value: -0
      objectReference: {fileID: 0}
    - target: {fileID: 3778849887268221379, guid: 53797634418714a43a998353522aeae9, type: 3}
      propertyPath: m_LocalEulerAnglesHint.x
      value: 0
      objectReference: {fileID: 0}
    - target: {fileID: 3778849887268221379, guid: 53797634418714a43a998353522aeae9, type: 3}
      propertyPath: m_LocalEulerAnglesHint.y
      value: 0
      objectReference: {fileID: 0}
    - target: {fileID: 3778849887268221379, guid: 53797634418714a43a998353522aeae9, type: 3}
      propertyPath: m_LocalEulerAnglesHint.z
      value: 0
      objectReference: {fileID: 0}
    - target: {fileID: 5157752150385140111, guid: 53797634418714a43a998353522aeae9, type: 3}
      propertyPath: m_Name
      value: Wall
      objectReference: {fileID: 0}
    m_RemovedComponents: []
  m_SourcePrefab: {fileID: 100100000, guid: 53797634418714a43a998353522aeae9, type: 3}
--- !u!4 &6108859007986150105 stripped
Transform:
  m_CorrespondingSourceObject: {fileID: 3778849887268221379, guid: 53797634418714a43a998353522aeae9, type: 3}
  m_PrefabInstance: {fileID: 6968807043093240602}
  m_PrefabAsset: {fileID: 0}
